<record><leader>00000cas a22000007a 4500</leader><controlfield tag="001">26687060</controlfield><controlfield tag="008">920929d19001962ctuwr ne      0    0eng d</controlfield><datafield ind1=" " ind2=" " tag="010"><subfield code="a">sn 92051419 </subfield></datafield><datafield ind1=" " ind2=" " tag="040"><subfield code="a">CNW</subfield><subfield code="b">eng</subfield><subfield code="c">CNW</subfield><subfield code="d">OCLCQ</subfield></datafield><datafield ind1=" " ind2=" " tag="042"><subfield code="a">msc</subfield></datafield><datafield ind1="0" ind2="0" tag="245"><subfield code="a">Windham County observer.</subfield></datafield><datafield ind1="3" ind2="0" tag="246"><subfield code="a">Windham County shopper</subfield></datafield><datafield ind1="3" ind2="0" tag="246"><subfield code="a">Windham County observer-shopper</subfield></datafield><datafield ind1=" " ind2=" " tag="260"><subfield code="a">Putnam, Conn. :</subfield><subfield code="b">Nathan W. Kennedy</subfield></datafield><datafield ind1=" " ind2=" " tag="300"><subfield code="a">v.</subfield></datafield><datafield ind1=" " ind2=" " tag="310"><subfield code="a">Weekly</subfield></datafield><datafield ind1="0" ind2=" " tag="362"><subfield code="a">Vol. 19, no. 44 (Nov. 8, 1900)-v. 80, no. 17 (Apr. 25, 1962).</subfield></datafield><datafield ind1=" " ind2=" " tag="500"><subfield code="a">Includes section titled: Windham County shopper, Aug. 23, 1961-&lt;Oct. 25, 1961&gt;, and: Windham County observer-shopper, &lt;Nov. 21, 1961-Mar. 21, 1962&gt;, with its own numbering.</subfield></datafield><datafield ind1=" " ind2=" " tag="530"><subfield code="a">Available on microfilm from Putnam Public Library, Putnam Conn.</subfield></datafield><datafield ind1=" " ind2="4" tag="651"><subfield code="a">Putnam (Conn.)</subfield><subfield code="v">Newspapers.</subfield></datafield><datafield ind1=" " ind2="4" tag="651"><subfield code="a">Windham County (Conn.)</subfield><subfield code="v">Newspapers.</subfield></datafield><datafield ind1=" " ind2=" " tag="752"><subfield code="a">United States</subfield><subfield code="b">Connecticut</subfield><subfield code="c">Windham</subfield><subfield code="d">Putnam.</subfield></datafield><datafield ind1="0" ind2="4" tag="780"><subfield code="t">Windham County standard</subfield><subfield code="w">(DLC)sn 92051418</subfield></datafield><datafield ind1="0" ind2="4" tag="780"><subfield code="t">Weekly observer (Killingly, Conn.)</subfield><subfield code="w">(DLC)sn 92051426</subfield></datafield><datafield ind1="0" ind2="5" tag="780"><subfield code="t">Willimantic journal</subfield><subfield code="g">Feb. 1911</subfield><subfield code="w">(DLC)sn 82016399</subfield><subfield code="w">(OCoLC)9310931</subfield></datafield><datafield ind1="0" ind2="7" tag="785"><subfield code="t">Putnam patriot (Putnam, Conn. : 1872)</subfield><subfield code="w">(DLC)sn 84022396</subfield><subfield code="w">(OCoLC)10386936</subfield></datafield><datafield ind1="0" ind2="7" tag="785"><subfield code="t">Windham County observer, Putnam patriot</subfield><subfield code="w">(DLC)sn 92051427</subfield></datafield><datafield ind1="1" ind2=" " tag="029"><subfield code="a">AU@</subfield><subfield code="b">000020745876</subfield></datafield></record>